<?xml version="1.0" encoding="UTF-8"?><collection xmlns="http://www.loc.gov/MARC21/slim"><record><leader>00593nam--2200217-u-4500</leader><controlfield tag="001">000050362</controlfield><controlfield tag="002">20161230</controlfield><controlfield tag="003">81785</controlfield><controlfield tag="005">20161230201048</controlfield><controlfield tag="008">070129s1000------------r-----000-0-eng-d</controlfield><datafield ind1=" " ind2=" " tag="020"><subfield code="a">0-8218-0531-2</subfield></datafield><datafield ind1=" " ind2=" " tag="040"><subfield code="a">IFIN-HH</subfield></datafield><datafield ind1=" " ind2=" " tag="041"><subfield code="a">eng</subfield></datafield><datafield ind1="1" ind2=" " tag="100"><subfield code="a">Amari Shun-ichi and Nagaoka,Hiroshi</subfield></datafield><datafield ind1="1" ind2="0" tag="245"><subfield code="a">Methods of Information Geometry</subfield></datafield><datafield ind1=" " ind2=" " tag="260"><subfield code="a">Oxford</subfield><subfield code="b">University Press</subfield><subfield code="c">2000</subfield></datafield><datafield ind1=" " ind2=" " tag="300"><subfield code="a">206 p</subfield></datafield><datafield ind1=" " ind2=" " tag="490"><subfield code="a">Translations of Mathematical Monographs</subfield><subfield code="v">Vol.191</subfield></datafield><datafield ind1=" " ind2="4" tag="650"><subfield code="a">Ellementary Differential Geometry</subfield></datafield><datafield ind1=" " ind2=" " tag="852"><subfield code="a">81785</subfield><subfield code="c">513.73</subfield></datafield><datafield ind1=" " ind2=" " tag="CAT"><subfield code="a">Sys</subfield><subfield code="c">20080924</subfield><subfield code="h">093638</subfield></datafield></record></collection>